@Book{tosic,
author = {Тошић, Душан},
title = {Paskal - основи програмирања},
publisher = {ДП Студентски трг},
year = {1997}
}

@phdthesis{filipovic2006operatori,
  title={Оператори селекције и миграције и WEB сервиси код парелних еволутивних алгоритама},
  author={Филиповић, Владимир},
  year={2006},
  school={Математички факултет, Универзитет у Београду}
}

@book{briggs2012python,
  title={Python for Kids: A Playful Introduction to Programming},
  author={Briggs, J.R.},
  isbn={9781593274078},
  series={No Starch Press Series},
  url={http://books.google.rs/books?id=Wd\_PJ2y68uIC},
  year={2012},
  publisher={No Starch Press, Incorporated}
}
@book{van2011python,
  title={The Python Language Reference Manual},
  author={Van Rossum, G. and Drake, F.L.J.},
  isbn={9781906966140},
  url={http://books.google.rs/books?id=Ut4BuQAACAAJ},
  year={2011},
  publisher={Network Theory.}
}
@book{van2003introduction,
  title={An Introduction to Python},
  author={Van Rossum, G. and Fred L. Drake, J.},
  isbn={9780954161767},
  series={A Python manual},
  url={http://books.google.rs/books?id=sWAOAAAACAAJ},
  year={2003},
  publisher={Network Theory Limited}
}
@book{lutz2009learning,
  title={Learning Python},
  author={Lutz, M. and Ascher, D.},
  isbn={9780596551933},
  url={http://books.google.rs/books?id=ftA0yk1Z92wC},
  year={2009},
  publisher={O'Reilly Media}
}
@book{downey2012think,
  title={Think Python},
  author={Downey, A.B.},
  isbn={9781449332020},
  url={http://books.google.rs/books?id=10KYwCZxSdEC},
  year={2012},
  publisher={O'Reilly Media}
}
@book{langville2011google,
  title={Google's PageRank and Beyond: The Science of Search Engine Rankings},
  author={Langville, A.N. and Meyer, C.D.},
  isbn={9781400830329},
  url={http://books.google.rs/books?id=KsHTl\_2Pfl8C},
  year={2011},
  publisher={Princeton University Press}
}
@book{berry2005understanding,
  title={Understanding Search Engines: Mathematical Modeling and Text Retrieval, Second Edition},
  author={Berry, M.W. and Browne, M.},
  isbn={9780898718164},
  lccn={2005042539},
  series={Software, Environments, and Tools},
  url={http://books.google.rs/books?id=CCmg5rFTb2EC},
  year={2005},
  publisher={Society for Industrial and Applied Mathematics (SIAM, 3600 Market Street, Floor 6, Philadelphia, PA 19104)}
}
@book{berners2004weaving,
  title={Weaving The Web: The Original Design And Ultimate Destiny Of The World Wide Web by Its Inventor},
  author={Berners-Lee, T. and Fischetti, M.},
  isbn={9780606303583},
  url={http://books.google.rs/books?id=Tk5\_PwAACAAJ},
  year={2004},
  publisher={Demco Media}
}
@book{cormen2001introduction,
  title={Introduction To Algorithms},
  author={Cormen, T.H. and Leiserson, C.E. and Rivest, R.L. and Stein, C.},
  isbn={9780262032933},
  lccn={00103127},
  url={http://books.google.rs/books?id=NLngYyWFl\_YC},
  year={2001},
  publisher={MIT Press}
}
@misc{PEP,
  title = {PEP 8 - Style Guide for Python Code},
  howpublished = {\url{http://legacy.python.org/dev/peps/pep-0008}},
  note = {Последњи пут приступљено 2014. године}

}

@Misc{vim,
  title = {Vim and Python},
  howpublished = {\url{http://justin.abrah.ms/vim/vim_and_python.html}},
  note = {Последњи пут приступљено 2015. године}
}

@Misc{pythonsite,
title = {Python\texttrademark},
howpublished = {\url{http://www.python.org}},
note = {Последњи пут приступљено 2014. године}
}

@Misc{pythonista,
title = {Pythonista},
howpublished = {\url{http://python.net/crew/mwh/hacks/objectthink.html}},
note = {Последњи пут приступљено 2014. године}
}

@Misc{proposal,
title = {Bernard Lee Proposal},
howpublished = {\url{http://www.w3.org/History/1989/proposal.html}},
note = {Последњи пут приступљено 2015. године}
}


@Misc{strukturaHTML,
title = {Структура HTML кода},
howpublished = {\url{http://www.w3.org/TR/html401/struct/global.html}},
note = {Последњи пут приступљено 2015. године}
}
